
   <marc:record>
      <marc:leader>     com a22       a4500</marc:leader>
      <marc:controlfield tag="001">041438302</marc:controlfield>
      <marc:controlfield tag="003">DE-576</marc:controlfield>
      <marc:controlfield tag="005">20180220140511.0</marc:controlfield>
      <marc:controlfield tag="007">ou</marc:controlfield>
      <marc:controlfield tag="008">941012n19uuuuuuxx ||| |      |   b|ger c</marc:controlfield>
      <marc:datafield tag="035" ind1=" " ind2=" ">
         <marc:subfield code="a">(DE-627)1111438307</marc:subfield>
      </marc:datafield>
      <marc:datafield tag="035" ind1=" " ind2=" ">
         <marc:subfield code="a">(DE-576)041438302</marc:subfield>
      </marc:datafield>
      <marc:datafield tag="035" ind1=" " ind2=" ">
         <marc:subfield code="a">(DE-599)BSZ041438302</marc:subfield>
      </marc:datafield>
      <marc:datafield tag="040" ind1=" " ind2=" ">
         <marc:subfield code="a">DE-576</marc:subfield>
         <marc:subfield code="b">ger</marc:subfield>
         <marc:subfield code="c">DE-576</marc:subfield>
         <marc:subfield code="e">rakwb</marc:subfield>
      </marc:datafield>
      <marc:datafield tag="041" ind1=" " ind2=" ">
         <marc:subfield code="a">ger</marc:subfield>
      </marc:datafield>
      <marc:datafield tag="084" ind1=" " ind2=" ">
         <marc:subfield code="a">ZY 5052</marc:subfield>
         <marc:subfield code="2">rvk</marc:subfield>
         <marc:subfield code="0">(DE-625)rvk/158642:13012</marc:subfield>
      </marc:datafield>
      <marc:datafield tag="084" ind1=" " ind2=" ">
         <marc:subfield code="a">LR 56985</marc:subfield>
         <marc:subfield code="2">rvk</marc:subfield>
         <marc:subfield code="0">(DE-625)rvk/109842:</marc:subfield>
      </marc:datafield>
      <marc:datafield tag="245" ind1="1" ind2="0">
         <marc:subfield code="a">Tanzchuchi</marc:subfield>
         <marc:subfield code="b">Musik und Bewegung, Bewegung und Musik; [Tanzen in Schule und Freizeit]</marc:subfield>
         <marc:subfield code="c">[Hrsg.: Zentralstelle für Lehrerfortbildung, Köniz]</marc:subfield>
      </marc:datafield>
      <marc:datafield tag="246" ind1="3" ind2="0">
         <marc:subfield code="a">tanz chuchi</marc:subfield>
      </marc:datafield>
      <marc:datafield tag="264" ind1=" " ind2="1">
         <marc:subfield code="a">Gümligen [u.a.]</marc:subfield>
         <marc:subfield code="b">Zytglogge-Verlag</marc:subfield>
         <marc:subfield code="c">19XX-</marc:subfield>
      </marc:datafield>
      <marc:datafield tag="300" ind1=" " ind2=" ">
         <marc:subfield code="a">Medienkombination</marc:subfield>
      </marc:datafield>
      <marc:datafield tag="336" ind1=" " ind2=" ">
         <marc:subfield code="a">Sonstige</marc:subfield>
         <marc:subfield code="b">xxx</marc:subfield>
         <marc:subfield code="2">rdacontent</marc:subfield>
      </marc:datafield>
      <marc:datafield tag="337" ind1=" " ind2=" ">
         <marc:subfield code="a">nicht spezifiziert</marc:subfield>
         <marc:subfield code="b">z</marc:subfield>
         <marc:subfield code="2">rdamedia</marc:subfield>
      </marc:datafield>
      <marc:datafield tag="338" ind1=" " ind2=" ">
         <marc:subfield code="a">nicht spezifiziert</marc:subfield>
         <marc:subfield code="b">zu</marc:subfield>
         <marc:subfield code="2">rdacarrier</marc:subfield>
      </marc:datafield>
      <marc:datafield tag="490" ind1="0" ind2=" ">
         <marc:subfield code="a">Ein Zytglogge-Werkbuch</marc:subfield>
      </marc:datafield>
      <marc:datafield tag="591" ind1=" " ind2=" ">
         <marc:subfield code="a">5090: L1UB/sred ; IMD-Felder und 1131 maschinell ergänzt (SWB)</marc:subfield>
      </marc:datafield>
      <marc:datafield tag="710" ind1="2" ind2=" ">
         <marc:subfield code="a">Zentralstelle für Lehrerfortbildung</marc:subfield>
         <marc:subfield code="0">(DE-588)2079542-7</marc:subfield>
         <marc:subfield code="0">(DE-627)103985107</marc:subfield>
         <marc:subfield code="0">(DE-576)192233610</marc:subfield>
         <marc:subfield code="4">oth</marc:subfield>
      </marc:datafield>
      <marc:datafield tag="936" ind1="r" ind2="v">
         <marc:subfield code="a">ZY 5052</marc:subfield>
         <marc:subfield code="b">Trainingsanleitungen; Didaktik einzelner Sportarten, Didaktische Materialien</marc:subfield>
         <marc:subfield code="k">Sport</marc:subfield>
         <marc:subfield code="k">Sportpraxis</marc:subfield>
         <marc:subfield code="k">Gymnastik, Tanz</marc:subfield>
         <marc:subfield code="k">Tanz</marc:subfield>
         <marc:subfield code="k">Volkstanz und Kindertanz</marc:subfield>
         <marc:subfield code="k">Trainingsanleitungen; Didaktik einzelner Sportarten, Didaktische Materialien</marc:subfield>
         <marc:subfield code="0">(DE-627)127159059X</marc:subfield>
         <marc:subfield code="0">(DE-625)rvk/158642:13012</marc:subfield>
         <marc:subfield code="0">(DE-576)20159059X</marc:subfield>
      </marc:datafield>
      <marc:datafield tag="936" ind1="r" ind2="v">
         <marc:subfield code="a">LR 56985</marc:subfield>
         <marc:subfield code="b">Musik und Bewegung, Rhythmik, Tanz, Motorik</marc:subfield>
         <marc:subfield code="k">Musikwissenschaft</marc:subfield>
         <marc:subfield code="k">I. Musica theoretica</marc:subfield>
         <marc:subfield code="k">Sachteil: Musica theoretica (einschl. Realien mit geographischem Bezug)</marc:subfield>
         <marc:subfield code="k">Musikpädagogik</marc:subfield>
         <marc:subfield code="k">Musik und Bewegung, Rhythmik, Tanz, Motorik</marc:subfield>
         <marc:subfield code="0">(DE-627)1270821873</marc:subfield>
         <marc:subfield code="0">(DE-625)rvk/109842:</marc:subfield>
         <marc:subfield code="0">(DE-576)200821873</marc:subfield>
      </marc:datafield>
      <marc:datafield tag="951" ind1=" " ind2=" ">
         <marc:subfield code="a">MC</marc:subfield>
      </marc:datafield>
   </marc:record>