
   <marc:record>
      <marc:leader>     ccm a22     2  4500</marc:leader>
      <marc:controlfield tag="001">035734655</marc:controlfield>
      <marc:controlfield tag="003">DE-576</marc:controlfield>
      <marc:controlfield tag="005">20201222104304.0</marc:controlfield>
      <marc:controlfield tag="007">qu</marc:controlfield>
      <marc:controlfield tag="008">931026s1977    xx ||||| |||| ||| | ger c</marc:controlfield>
      <marc:datafield tag="035" ind1=" " ind2=" ">
         <marc:subfield code="a">(DE-627)110573465X</marc:subfield>
      </marc:datafield>
      <marc:datafield tag="035" ind1=" " ind2=" ">
         <marc:subfield code="a">(DE-576)035734655</marc:subfield>
      </marc:datafield>
      <marc:datafield tag="035" ind1=" " ind2=" ">
         <marc:subfield code="a">(DE-599)BSZ035734655</marc:subfield>
      </marc:datafield>
      <marc:datafield tag="035" ind1=" " ind2=" ">
         <marc:subfield code="a">(OCoLC)174435329</marc:subfield>
      </marc:datafield>
      <marc:datafield tag="035" ind1=" " ind2=" ">
         <marc:subfield code="a">(DE-604)8051950332</marc:subfield>
      </marc:datafield>
      <marc:datafield tag="040" ind1=" " ind2=" ">
         <marc:subfield code="a">DE-576</marc:subfield>
         <marc:subfield code="b">ger</marc:subfield>
         <marc:subfield code="c">DE-576</marc:subfield>
         <marc:subfield code="e">rakwb</marc:subfield>
      </marc:datafield>
      <marc:datafield tag="041" ind1=" " ind2=" ">
         <marc:subfield code="a">ger</marc:subfield>
      </marc:datafield>
      <marc:datafield tag="084" ind1=" " ind2=" ">
         <marc:subfield code="a">LR 56985</marc:subfield>
         <marc:subfield code="2">rvk</marc:subfield>
         <marc:subfield code="0">(DE-625)rvk/109842:</marc:subfield>
      </marc:datafield>
      <marc:datafield tag="100" ind1="1" ind2=" ">
         <marc:subfield code="a">Lehmann, Siegfried</marc:subfield>
         <marc:subfield code="4">aut</marc:subfield>
      </marc:datafield>
      <marc:datafield tag="245" ind1="1" ind2="4">
         <marc:subfield code="a">Das Spiel zum Lied</marc:subfield>
         <marc:subfield code="b">Liedbegleitung für Kindergarten und Grundschule</marc:subfield>
         <marc:subfield code="c">Siegfried Lehmann</marc:subfield>
      </marc:datafield>
      <marc:datafield tag="264" ind1=" " ind2="1">
         <marc:subfield code="a">Berlin</marc:subfield>
         <marc:subfield code="b">Merseburger</marc:subfield>
         <marc:subfield code="c">1977</marc:subfield>
      </marc:datafield>
      <marc:datafield tag="300" ind1=" " ind2=" ">
         <marc:subfield code="a">92 S.</marc:subfield>
      </marc:datafield>
      <marc:datafield tag="336" ind1=" " ind2=" ">
         <marc:subfield code="a">Noten</marc:subfield>
         <marc:subfield code="b">ntm</marc:subfield>
         <marc:subfield code="2">rdacontent</marc:subfield>
      </marc:datafield>
      <marc:datafield tag="337" ind1=" " ind2=" ">
         <marc:subfield code="a">ohne Hilfsmittel zu benutzen</marc:subfield>
         <marc:subfield code="b">n</marc:subfield>
         <marc:subfield code="2">rdamedia</marc:subfield>
      </marc:datafield>
      <marc:datafield tag="338" ind1=" " ind2=" ">
         <marc:subfield code="a">Band</marc:subfield>
         <marc:subfield code="b">nc</marc:subfield>
         <marc:subfield code="2">rdacarrier</marc:subfield>
      </marc:datafield>
      <marc:datafield tag="490" ind1="1" ind2=" ">
         <marc:subfield code="a">Edition Merseburger</marc:subfield>
         <marc:subfield code="v">1660</marc:subfield>
      </marc:datafield>
      <marc:datafield tag="490" ind1="0" ind2=" ">
         <marc:subfield code="a">Rhythmisch-musikalische Bausteine für Kinder</marc:subfield>
      </marc:datafield>
      <marc:datafield tag="501" ind1=" " ind2=" ">
         <marc:subfield code="a">Enth.: A, a, a, der Winter, der ist da. Ach lieber Schuster du. Alle meine Entchen. Auf unsrer Wiese gehet was. Bim, bam, bum, wer klopft an unser Tor. Bimmelt was die Straß entlang. Blauer, blauer Fingerhut. Der Frosch sitzt in dem Rohre. Der Kirschbaum hat sein Laub verloren. Der Kuckuck und der Esel. Dornröschen war ein schönes Kind. Dort oben auf dem Berge. Dreht euch nicht um. Ein Schneider fing 'ne Maus. Eisenbahn, Eisenbahn. Es kommen sechs Propheten. Es regnet ohne Unterlaß. Es schneiet, es beiet. Es singen viele Vögelein. Es tanzt ein Bi-Ba-Butzemann. Es war eine Mutter. Glockenklang. Gretel, Pastetel, was machen die Gäns. Grün, grün, grün sind alle meine Kleider. Himmelsau, licht und blau. Hörst du die Glocken. Im Höfle im Eckerle. Im Sommer, im Sommer. Ist ein Mann in Brunn gefallen. Kling, klang, Schmied, schlag zu. Knusper, knusper, Knäuschen. Kommt ein fremder Schleifer her. Laßt uns froh und munter sein. Laterne, Laterne. Liebe, liebe Sonne. Lieber guter Nikolaus. Martin ist ein frommer Mann. Meister Jakob. Muß wander, muß wandern. Nun wollen wir singen das Abendlied. Onkel Jörg hat einen Bauernhof. Räbete, räbete. Regen, Regentröpfchen. Ruprecht, Ruprecht, lieber Mann. Spannenlanger Hansel. Suse, liebe Suse. Tanz, Mädchen, tanz. Tanz, tanz, Hanselmann. Troß, troß, trill. Tuk, tuk, tuk, ihr Hühnerchen. Wer sitzt auf unsrer Mauer. Wer will fleißige Handwerker sehn. Will ich in mein Gärtlein gehn. Winter, ade. Wir wollen ein Liedelein singen. Wir wolln einmal spazieren gehn. Wo ist der Mann. Wollt ihr wissen, wie der Bauer. Zehn kleine Zappelmänner</marc:subfield>
      </marc:datafield>
      <marc:datafield tag="583" ind1="1" ind2=" ">
         <marc:subfield code="a">Archivierung/Langzeitarchivierung geplant</marc:subfield>
         <marc:subfield code="c">20200919</marc:subfield>
         <marc:subfield code="f">DE-640</marc:subfield>
         <marc:subfield code="z">2</marc:subfield>
         <marc:subfield code="2">pdager</marc:subfield>
      </marc:datafield>
      <marc:datafield tag="591" ind1=" " ind2=" ">
         <marc:subfield code="a">720 ff. bvb; 580 ff. bvb ; IMD-Felder und 1131 maschinell ergänzt (SWB)</marc:subfield>
      </marc:datafield>
      <marc:datafield tag="689" ind1="0" ind2="0">
         <marc:subfield code="D">s</marc:subfield>
         <marc:subfield code="0">(DE-588)4127870-7</marc:subfield>
         <marc:subfield code="0">(DE-627)105721492</marc:subfield>
         <marc:subfield code="0">(DE-576)209597259</marc:subfield>
         <marc:subfield code="a">Kinderlied</marc:subfield>
         <marc:subfield code="2">gnd</marc:subfield>
      </marc:datafield>
      <marc:datafield tag="689" ind1="0" ind2="1">
         <marc:subfield code="D">s</marc:subfield>
         <marc:subfield code="0">(DE-588)4022349-8</marc:subfield>
         <marc:subfield code="0">(DE-627)106309366</marc:subfield>
         <marc:subfield code="0">(DE-576)208943153</marc:subfield>
         <marc:subfield code="a">Grundschule</marc:subfield>
         <marc:subfield code="2">gnd</marc:subfield>
      </marc:datafield>
      <marc:datafield tag="689" ind1="0" ind2=" ">
         <marc:subfield code="5">(DE-627)</marc:subfield>
      </marc:datafield>
      <marc:datafield tag="689" ind1="1" ind2="0">
         <marc:subfield code="D">s</marc:subfield>
         <marc:subfield code="0">(DE-588)4127870-7</marc:subfield>
         <marc:subfield code="0">(DE-627)105721492</marc:subfield>
         <marc:subfield code="0">(DE-576)209597259</marc:subfield>
         <marc:subfield code="a">Kinderlied</marc:subfield>
         <marc:subfield code="2">gnd</marc:subfield>
      </marc:datafield>
      <marc:datafield tag="689" ind1="1" ind2="1">
         <marc:subfield code="D">s</marc:subfield>
         <marc:subfield code="0">(DE-588)4030581-8</marc:subfield>
         <marc:subfield code="0">(DE-627)104340665</marc:subfield>
         <marc:subfield code="0">(DE-576)208988238</marc:subfield>
         <marc:subfield code="a">Kindergarten</marc:subfield>
         <marc:subfield code="2">gnd</marc:subfield>
      </marc:datafield>
      <marc:datafield tag="689" ind1="1" ind2=" ">
         <marc:subfield code="5">(DE-627)</marc:subfield>
      </marc:datafield>
      <marc:datafield tag="830" ind1=" " ind2="0">
         <marc:subfield code="a">Edition Merseburger</marc:subfield>
         <marc:subfield code="v">1660</marc:subfield>
         <marc:subfield code="9">1660</marc:subfield>
         <marc:subfield code="w">(DE-627)169580717</marc:subfield>
         <marc:subfield code="w">(DE-576)012416118</marc:subfield>
         <marc:subfield code="w">(DE-600)1011303-4</marc:subfield>
      </marc:datafield>
      <marc:datafield tag="850" ind1=" " ind2=" ">
         <marc:subfield code="a">ab</marc:subfield>
      </marc:datafield>
      <marc:datafield tag="935" ind1=" " ind2=" ">
         <marc:subfield code="c">muno</marc:subfield>
      </marc:datafield>
      <marc:datafield tag="936" ind1="r" ind2="v">
         <marc:subfield code="a">LR 56985</marc:subfield>
         <marc:subfield code="b">Musik und Bewegung, Rhythmik, Tanz, Motorik</marc:subfield>
         <marc:subfield code="k">Musikwissenschaft</marc:subfield>
         <marc:subfield code="k">I. Musica theoretica</marc:subfield>
         <marc:subfield code="k">Sachteil: Musica theoretica (einschl. Realien mit geographischem Bezug)</marc:subfield>
         <marc:subfield code="k">Musikpädagogik</marc:subfield>
         <marc:subfield code="k">Musik und Bewegung, Rhythmik, Tanz, Motorik</marc:subfield>
         <marc:subfield code="0">(DE-627)1270821873</marc:subfield>
         <marc:subfield code="0">(DE-625)rvk/109842:</marc:subfield>
         <marc:subfield code="0">(DE-576)200821873</marc:subfield>
      </marc:datafield>
      <marc:datafield tag="951" ind1=" " ind2=" ">
         <marc:subfield code="a">BO</marc:subfield>
      </marc:datafield>
   </marc:record>