
   <marc:record>
      <marc:leader>     cam a22       c4500</marc:leader>
      <marc:controlfield tag="001">035461713</marc:controlfield>
      <marc:controlfield tag="003">DE-576</marc:controlfield>
      <marc:controlfield tag="005">20201210144956.0</marc:controlfield>
      <marc:controlfield tag="007">tu</marc:controlfield>
      <marc:controlfield tag="008">931007s1700    xx |||||      00| ||fre c</marc:controlfield>
      <marc:datafield tag="035" ind1=" " ind2=" ">
         <marc:subfield code="a">(DE-627)1105461718</marc:subfield>
      </marc:datafield>
      <marc:datafield tag="035" ind1=" " ind2=" ">
         <marc:subfield code="a">(DE-576)035461713</marc:subfield>
      </marc:datafield>
      <marc:datafield tag="035" ind1=" " ind2=" ">
         <marc:subfield code="a">(DE-599)BSZ035461713</marc:subfield>
      </marc:datafield>
      <marc:datafield tag="040" ind1=" " ind2=" ">
         <marc:subfield code="a">DE-576</marc:subfield>
         <marc:subfield code="b">ger</marc:subfield>
         <marc:subfield code="c">DE-576</marc:subfield>
         <marc:subfield code="e">rakwb</marc:subfield>
      </marc:datafield>
      <marc:datafield tag="041" ind1=" " ind2=" ">
         <marc:subfield code="a">fre</marc:subfield>
      </marc:datafield>
      <marc:datafield tag="084" ind1=" " ind2=" ">
         <marc:subfield code="a">LR 54177</marc:subfield>
         <marc:subfield code="2">rvk</marc:subfield>
         <marc:subfield code="0">(DE-625)rvk/109644:</marc:subfield>
      </marc:datafield>
      <marc:datafield tag="245" ind1="1" ind2="0">
         <marc:subfield code="a">Recueil des Opera, Des Ballets, &amp; des plus-belles Pièces en Musique, qui ont été representées depuis dix ou douze ans jusques à présent devant sa Majesté tres-Chrestienne</marc:subfield>
      </marc:datafield>
      <marc:datafield tag="246" ind1="3" ind2="0">
         <marc:subfield code="a">jazon 1700 2093 1693 1694 1695 1697</marc:subfield>
      </marc:datafield>
      <marc:datafield tag="250" ind1=" " ind2=" ">
         <marc:subfield code="a">[Textbuch]. - Suivant la Copie de Paris</marc:subfield>
      </marc:datafield>
      <marc:datafield tag="264" ind1=" " ind2="1">
         <marc:subfield code="a">Amsterdam</marc:subfield>
         <marc:subfield code="b">Schelte</marc:subfield>
         <marc:subfield code="c">1700</marc:subfield>
      </marc:datafield>
      <marc:datafield tag="300" ind1=" " ind2=" ">
         <marc:subfield code="a">[1] Bl., 44, 57, 69, 59, 56, 60, 48 S.</marc:subfield>
         <marc:subfield code="b">Ill.</marc:subfield>
         <marc:subfield code="c">12°</marc:subfield>
      </marc:datafield>
      <marc:datafield tag="336" ind1=" " ind2=" ">
         <marc:subfield code="a">Text</marc:subfield>
         <marc:subfield code="b">txt</marc:subfield>
         <marc:subfield code="2">rdacontent</marc:subfield>
      </marc:datafield>
      <marc:datafield tag="337" ind1=" " ind2=" ">
         <marc:subfield code="a">ohne Hilfsmittel zu benutzen</marc:subfield>
         <marc:subfield code="b">n</marc:subfield>
         <marc:subfield code="2">rdamedia</marc:subfield>
      </marc:datafield>
      <marc:datafield tag="338" ind1=" " ind2=" ">
         <marc:subfield code="a">Band</marc:subfield>
         <marc:subfield code="b">nc</marc:subfield>
         <marc:subfield code="2">rdacarrier</marc:subfield>
      </marc:datafield>
      <marc:datafield tag="500" ind1=" " ind2=" ">
         <marc:subfield code="a">Sammelausg. mit d. Erscheinungsjahren 1693 - 1697. - 3. und. 4. enth. Werk erschien erstmals 1694</marc:subfield>
      </marc:datafield>
      <marc:datafield tag="500" ind1=" " ind2=" ">
         <marc:subfield code="a">Vorlageform des Erscheinungsvermerks: Suivant la Copie de Paris, A Amsterdam, Chez les Héretiers D'Antoine Schelte. 1700</marc:subfield>
      </marc:datafield>
      <marc:datafield tag="501" ind1=" " ind2=" ">
         <marc:subfield code="a">Alcide : Tragedie En Musique, Representée Par L'Academie Royale de Musique / [Musik: Louis de Lully ; Marin Marais. Text: Jean Galbert de Campistron]. - Suivant la Copie imprimée A Paris, 2093 [i. e. 1693]</marc:subfield>
      </marc:datafield>
      <marc:datafield tag="501" ind1=" " ind2=" ">
         <marc:subfield code="a">Didon : Tragedie En Musique. Representée par l'Academie Royalle de Musique / [Musik: Henri Desmarets. Text: Mme. Gillot de Saintonge]. - Suivant la Copie imprimée A Paris, 1694</marc:subfield>
      </marc:datafield>
      <marc:datafield tag="501" ind1=" " ind2=" ">
         <marc:subfield code="a">Medée : Tragédie En Musique. Representée par l'Academie Royalle de Musique / [Musik: Marc-Antoine Charpentier. Text: Thom. Corneille]. - Suivant la Copie imprimée A Paris. A Amsterdam. Chez Antoine Schelte, Marchant Libraire, près de la Bourse, 1695</marc:subfield>
      </marc:datafield>
      <marc:datafield tag="501" ind1=" " ind2=" ">
         <marc:subfield code="a">Circé : Tragédie En Musique. Representée par l'Academie Royalle de Musique / [Musik: Henri Desmarets. Text: Mme. Gillot de Saintonge]. - Suivant la Copie imprimée A Paris. A Amsterdam. Chez Antoine Schelte, Marchant Libraire, près de la Bourse, 1695</marc:subfield>
      </marc:datafield>
      <marc:datafield tag="501" ind1=" " ind2=" ">
         <marc:subfield code="a">Cephale Et Procris : Tragedie En Musique. Representée par l'Academie Royalle de Musique / [Musik: Elisabeth-Claude Jaquet de Laguerre. Text: Joseph-François Duché de Vancy]. - Suivant la Copie imprimée A Paris. A Amsterdam. Chez Antoine Schelte, Marchant Libraire, près de la Bourse, 1695</marc:subfield>
      </marc:datafield>
      <marc:datafield tag="501" ind1=" " ind2=" ">
         <marc:subfield code="a">Téagene Et Cariclée : Tragédie En Musique. Representée par l'Academie Royale de Musique / [Musik: Henri Desmarets. Text: Joseph-François Duché de Vancy] [Théagène et Chariclée. - Suivant la Copie imprimée A Paris. A Amsterdam. Chez Antoine Schelte, Marchand Libraire, près de la Bourse, 1695]</marc:subfield>
      </marc:datafield>
      <marc:datafield tag="501" ind1=" " ind2=" ">
         <marc:subfield code="a">Jason Ou La Toison D'Or : Tragedie. Representée Par l'Academie Royale de Musique / [Musik: Pascal Collasse. Text: Jean Baptiste Rousseau]. - Suivant la Copie imprimée A Paris. A Amsterdam. Chez Antoine Schelte, Marchand Libraire, près de la Bourse, 1697</marc:subfield>
      </marc:datafield>
      <marc:datafield tag="583" ind1="1" ind2=" ">
         <marc:subfield code="a">Archivierung/Langzeitarchivierung geplant</marc:subfield>
         <marc:subfield code="c">20200919</marc:subfield>
         <marc:subfield code="f">DE-640</marc:subfield>
         <marc:subfield code="z">2</marc:subfield>
         <marc:subfield code="2">pdager</marc:subfield>
      </marc:datafield>
      <marc:datafield tag="591" ind1=" " ind2=" ">
         <marc:subfield code="a">LR 54177:L1UB. - Eine frühere Ausg. von Circe von 1675 wurde von Thom. Corneille verfaßt und von Marc Antoine Charpentier komponiert ; IMD-Felder und 1131 maschinell ergänzt (SWB)</marc:subfield>
      </marc:datafield>
      <marc:datafield tag="700" ind1="1" ind2=" ">
         <marc:subfield code="a">Lully, Louis</marc:subfield>
         <marc:subfield code="d">1664-1734</marc:subfield>
         <marc:subfield code="e">Komp.</marc:subfield>
         <marc:subfield code="0">(DE-588)132416301</marc:subfield>
         <marc:subfield code="0">(DE-627)521221323</marc:subfield>
         <marc:subfield code="0">(DE-576)173165109</marc:subfield>
         <marc:subfield code="4">cmp</marc:subfield>
      </marc:datafield>
      <marc:datafield tag="700" ind1="1" ind2=" ">
         <marc:subfield code="a">Rousseau, Jean-Baptiste</marc:subfield>
         <marc:subfield code="0">(DE-627)1232801941</marc:subfield>
         <marc:subfield code="0">(DE-576)162801947</marc:subfield>
         <marc:subfield code="4">oth</marc:subfield>
      </marc:datafield>
      <marc:datafield tag="700" ind1="1" ind2=" ">
         <marc:subfield code="a">Collasse, Pascal</marc:subfield>
         <marc:subfield code="d">1649-1709</marc:subfield>
         <marc:subfield code="e">Komp.</marc:subfield>
         <marc:subfield code="0">(DE-588)123808049</marc:subfield>
         <marc:subfield code="0">(DE-627)082779317</marc:subfield>
         <marc:subfield code="0">(DE-576)167325906</marc:subfield>
         <marc:subfield code="4">cmp</marc:subfield>
      </marc:datafield>
      <marc:datafield tag="700" ind1="1" ind2=" ">
         <marc:subfield code="a">Marais, Marin</marc:subfield>
         <marc:subfield code="d">1656-1728</marc:subfield>
         <marc:subfield code="e">Komp.</marc:subfield>
         <marc:subfield code="0">(DE-588)119043688</marc:subfield>
         <marc:subfield code="0">(DE-627)134587952</marc:subfield>
         <marc:subfield code="0">(DE-576)165496312</marc:subfield>
         <marc:subfield code="4">cmp</marc:subfield>
      </marc:datafield>
      <marc:datafield tag="700" ind1="1" ind2=" ">
         <marc:subfield code="a">Campistron, Jean Galbert de</marc:subfield>
         <marc:subfield code="d">1656-1713</marc:subfield>
         <marc:subfield code="0">(DE-588)11866817X</marc:subfield>
         <marc:subfield code="0">(DE-627)079452434</marc:subfield>
         <marc:subfield code="0">(DE-576)209262826</marc:subfield>
         <marc:subfield code="4">oth</marc:subfield>
      </marc:datafield>
      <marc:datafield tag="700" ind1="1" ind2=" ">
         <marc:subfield code="a">Desmarets, Henry</marc:subfield>
         <marc:subfield code="d">1661-1741</marc:subfield>
         <marc:subfield code="e">Komp.</marc:subfield>
         <marc:subfield code="0">(DE-588)118834959</marc:subfield>
         <marc:subfield code="0">(DE-627)079609678</marc:subfield>
         <marc:subfield code="0">(DE-576)210122447</marc:subfield>
         <marc:subfield code="4">cmp</marc:subfield>
      </marc:datafield>
      <marc:datafield tag="700" ind1="1" ind2=" ">
         <marc:subfield code="a">Sainctonge, Louise-Geneviève Gillot de</marc:subfield>
         <marc:subfield code="d">1650-1718</marc:subfield>
         <marc:subfield code="0">(DE-588)129834661</marc:subfield>
         <marc:subfield code="0">(DE-627)481331905</marc:subfield>
         <marc:subfield code="0">(DE-576)297860283</marc:subfield>
         <marc:subfield code="4">oth</marc:subfield>
      </marc:datafield>
      <marc:datafield tag="700" ind1="1" ind2=" ">
         <marc:subfield code="a">Charpentier, Marc-Antoine</marc:subfield>
         <marc:subfield code="d">1643-1704</marc:subfield>
         <marc:subfield code="e">Komp.</marc:subfield>
         <marc:subfield code="0">(DE-588)118675648</marc:subfield>
         <marc:subfield code="0">(DE-627)079459099</marc:subfield>
         <marc:subfield code="0">(DE-576)167554301</marc:subfield>
         <marc:subfield code="4">cmp</marc:subfield>
      </marc:datafield>
      <marc:datafield tag="700" ind1="1" ind2=" ">
         <marc:subfield code="a">Corneille, Thomas</marc:subfield>
         <marc:subfield code="d">1625-1709</marc:subfield>
         <marc:subfield code="0">(DE-588)118670115</marc:subfield>
         <marc:subfield code="0">(DE-627)136314465</marc:subfield>
         <marc:subfield code="0">(DE-576)160623510</marc:subfield>
         <marc:subfield code="4">oth</marc:subfield>
      </marc:datafield>
      <marc:datafield tag="700" ind1="1" ind2=" ">
         <marc:subfield code="a">Jacquet de La Guerre, Élisabeth</marc:subfield>
         <marc:subfield code="d">1665-1729</marc:subfield>
         <marc:subfield code="e">Komp.</marc:subfield>
         <marc:subfield code="0">(DE-588)119075113</marc:subfield>
         <marc:subfield code="0">(DE-627)079866549</marc:subfield>
         <marc:subfield code="0">(DE-576)167671669</marc:subfield>
         <marc:subfield code="4">cmp</marc:subfield>
      </marc:datafield>
      <marc:datafield tag="700" ind1="1" ind2=" ">
         <marc:subfield code="a">Duché de Vancy, Joseph-François</marc:subfield>
         <marc:subfield code="d">1668-1704</marc:subfield>
         <marc:subfield code="0">(DE-588)136872816</marc:subfield>
         <marc:subfield code="0">(DE-627)587824328</marc:subfield>
         <marc:subfield code="0">(DE-576)301319766</marc:subfield>
         <marc:subfield code="4">oth</marc:subfield>
      </marc:datafield>
      <marc:datafield tag="751" ind1=" " ind2=" ">
         <marc:subfield code="a">Amsterdam</marc:subfield>
         <marc:subfield code="0">(DE-588)4001783-7</marc:subfield>
         <marc:subfield code="0">(DE-627)106395750</marc:subfield>
         <marc:subfield code="0">(DE-576)208844317</marc:subfield>
         <marc:subfield code="4">pup</marc:subfield>
      </marc:datafield>
      <marc:datafield tag="773" ind1="1" ind2="8">
         <marc:subfield code="w">(DE-627)1087504546</marc:subfield>
         <marc:subfield code="w">(DE-576)017504546</marc:subfield>
         <marc:subfield code="g">5</marc:subfield>
         <marc:subfield code="q">5,1700</marc:subfield>
      </marc:datafield>
      <marc:datafield tag="850" ind1=" " ind2=" ">
         <marc:subfield code="a">ab</marc:subfield>
      </marc:datafield>
      <marc:datafield tag="936" ind1="r" ind2="v">
         <marc:subfield code="a">LR 54177</marc:subfield>
         <marc:subfield code="b">Libretto</marc:subfield>
         <marc:subfield code="k">Musikwissenschaft</marc:subfield>
         <marc:subfield code="k">I. Musica theoretica</marc:subfield>
         <marc:subfield code="k">Sachteil: Musica theoretica (einschl. Realien mit geographischem Bezug)</marc:subfield>
         <marc:subfield code="k">Musikalische Gattungen, Formen, Termini</marc:subfield>
         <marc:subfield code="k">Einzelne Gattungen und Formen:</marc:subfield>
         <marc:subfield code="k">Gattungen und Formen O</marc:subfield>
         <marc:subfield code="k">Oper</marc:subfield>
         <marc:subfield code="k">Libretto</marc:subfield>
         <marc:subfield code="0">(DE-627)1270765949</marc:subfield>
         <marc:subfield code="0">(DE-625)rvk/109644:</marc:subfield>
         <marc:subfield code="0">(DE-576)200765949</marc:subfield>
      </marc:datafield>
      <marc:datafield tag="951" ind1=" " ind2=" ">
         <marc:subfield code="a">MV</marc:subfield>
      </marc:datafield>
   </marc:record>