
   <marc:record>
      <marc:leader>     cam a22        4500</marc:leader>
      <marc:controlfield tag="001">03455078X</marc:controlfield>
      <marc:controlfield tag="003">DE-576</marc:controlfield>
      <marc:controlfield tag="005">20180718204557.0</marc:controlfield>
      <marc:controlfield tag="007">tu</marc:controlfield>
      <marc:controlfield tag="008">930804s1975    xx |||||      00| ||ger c</marc:controlfield>
      <marc:datafield tag="035" ind1=" " ind2=" ">
         <marc:subfield code="a">(DE-627)1104550784</marc:subfield>
      </marc:datafield>
      <marc:datafield tag="035" ind1=" " ind2=" ">
         <marc:subfield code="a">(DE-576)03455078X</marc:subfield>
      </marc:datafield>
      <marc:datafield tag="035" ind1=" " ind2=" ">
         <marc:subfield code="a">(DE-599)BSZ03455078X</marc:subfield>
      </marc:datafield>
      <marc:datafield tag="035" ind1=" " ind2=" ">
         <marc:subfield code="a">(OCoLC)256484187</marc:subfield>
      </marc:datafield>
      <marc:datafield tag="040" ind1=" " ind2=" ">
         <marc:subfield code="a">DE-576</marc:subfield>
         <marc:subfield code="b">ger</marc:subfield>
         <marc:subfield code="c">DE-576</marc:subfield>
         <marc:subfield code="e">rakwb</marc:subfield>
      </marc:datafield>
      <marc:datafield tag="041" ind1=" " ind2=" ">
         <marc:subfield code="a">ger</marc:subfield>
      </marc:datafield>
      <marc:datafield tag="084" ind1=" " ind2=" ">
         <marc:subfield code="a">NB 8120</marc:subfield>
         <marc:subfield code="2">rvk</marc:subfield>
         <marc:subfield code="0">(DE-625)rvk/124377:</marc:subfield>
      </marc:datafield>
      <marc:datafield tag="084" ind1=" " ind2=" ">
         <marc:subfield code="a">NK 1800</marc:subfield>
         <marc:subfield code="2">rvk</marc:subfield>
         <marc:subfield code="0">(DE-625)rvk/125877:</marc:subfield>
      </marc:datafield>
      <marc:datafield tag="245" ind1="1" ind2="0">
         <marc:subfield code="a">Deutschland von 1939  bis 1945</marc:subfield>
         <marc:subfield code="b">Deutschland während des Zweiten Weltkrieges</marc:subfield>
         <marc:subfield code="c">von Wolfgang Bleyer ...</marc:subfield>
      </marc:datafield>
      <marc:datafield tag="246" ind1="1" ind2=" ">
         <marc:subfield code="i">Ansetzungssachtitel</marc:subfield>
         <marc:subfield code="a">Deutschland von  neunzehnhundertdreiunddreißig bis 1945</marc:subfield>
      </marc:datafield>
      <marc:datafield tag="246" ind1="3" ind2="0">
         <marc:subfield code="a">neunzehnhundertfünfundvierzig</marc:subfield>
      </marc:datafield>
      <marc:datafield tag="250" ind1=" " ind2=" ">
         <marc:subfield code="a">2., überarb. Aufl.</marc:subfield>
      </marc:datafield>
      <marc:datafield tag="264" ind1=" " ind2="1">
         <marc:subfield code="a">Berlin</marc:subfield>
         <marc:subfield code="b">Dt. Verl. d. Wiss.</marc:subfield>
         <marc:subfield code="c">1975</marc:subfield>
      </marc:datafield>
      <marc:datafield tag="300" ind1=" " ind2=" ">
         <marc:subfield code="a">496 S.</marc:subfield>
      </marc:datafield>
      <marc:datafield tag="336" ind1=" " ind2=" ">
         <marc:subfield code="a">Text</marc:subfield>
         <marc:subfield code="b">txt</marc:subfield>
         <marc:subfield code="2">rdacontent</marc:subfield>
      </marc:datafield>
      <marc:datafield tag="337" ind1=" " ind2=" ">
         <marc:subfield code="a">ohne Hilfsmittel zu benutzen</marc:subfield>
         <marc:subfield code="b">n</marc:subfield>
         <marc:subfield code="2">rdamedia</marc:subfield>
      </marc:datafield>
      <marc:datafield tag="338" ind1=" " ind2=" ">
         <marc:subfield code="a">Band</marc:subfield>
         <marc:subfield code="b">nc</marc:subfield>
         <marc:subfield code="2">rdacarrier</marc:subfield>
      </marc:datafield>
      <marc:datafield tag="490" ind1="1" ind2=" ">
         <marc:subfield code="a">Lehrbuch der deutschen Geschichte</marc:subfield>
         <marc:subfield code="a">(Beiträge)</marc:subfield>
         <marc:subfield code="v">12</marc:subfield>
      </marc:datafield>
      <marc:datafield tag="591" ind1=" " ind2=" ">
         <marc:subfield code="a">5090 maschinell aus ähnlichen Titelaufnahmen ergänzt ; IMD-Felder und 1131 maschinell ergänzt (SWB)</marc:subfield>
      </marc:datafield>
      <marc:datafield tag="700" ind1="1" ind2=" ">
         <marc:subfield code="a">Bleyer, Wolfgang</marc:subfield>
         <marc:subfield code="4">oth</marc:subfield>
      </marc:datafield>
      <marc:datafield tag="830" ind1=" " ind2="0">
         <marc:subfield code="a">Lehrbuch der deutschen Geschichte / Beiträge</marc:subfield>
         <marc:subfield code="v">12</marc:subfield>
         <marc:subfield code="9">12,2</marc:subfield>
         <marc:subfield code="w">(DE-627)319940217</marc:subfield>
         <marc:subfield code="w">(DE-576)001589822</marc:subfield>
         <marc:subfield code="w">(DE-600)1334260-5</marc:subfield>
         <marc:subfield code="x">0458-9823</marc:subfield>
      </marc:datafield>
      <marc:datafield tag="889" ind1=" " ind2=" ">
         <marc:subfield code="w">(DE-576)441383475</marc:subfield>
      </marc:datafield>
      <marc:datafield tag="936" ind1="r" ind2="v">
         <marc:subfield code="a">NB 8120</marc:subfield>
         <marc:subfield code="b">Hochschule, Lehrerausbildung</marc:subfield>
         <marc:subfield code="k">Geschichte</marc:subfield>
         <marc:subfield code="k">Geschichte als Wissenschaft und Unterrichtsfach</marc:subfield>
         <marc:subfield code="k">Geschichtsunterricht</marc:subfield>
         <marc:subfield code="k">Hochschule, Lehrerausbildung</marc:subfield>
         <marc:subfield code="0">(DE-627)1271444682</marc:subfield>
         <marc:subfield code="0">(DE-625)rvk/124377:</marc:subfield>
         <marc:subfield code="0">(DE-576)201444682</marc:subfield>
      </marc:datafield>
      <marc:datafield tag="936" ind1="r" ind2="v">
         <marc:subfield code="a">NK 1800</marc:subfield>
         <marc:subfield code="b">Deutsche Geschichte</marc:subfield>
         <marc:subfield code="k">Geschichte</marc:subfield>
         <marc:subfield code="k">Weltgeschichte, Darstellungen Allgemeine Geschichte einzelner Staaten und Völker Teilgebiete der Geschichte, Sammelwerke</marc:subfield>
         <marc:subfield code="k">Weltgeschichte und allgemeine Geschichte der  Staaten und Völker</marc:subfield>
         <marc:subfield code="k">Weltgeschichte</marc:subfield>
         <marc:subfield code="k">Europäische Geschichte</marc:subfield>
         <marc:subfield code="k">Deutsche Geschichte</marc:subfield>
         <marc:subfield code="0">(DE-627)1271086565</marc:subfield>
         <marc:subfield code="0">(DE-625)rvk/125877:</marc:subfield>
         <marc:subfield code="0">(DE-576)201086565</marc:subfield>
      </marc:datafield>
      <marc:datafield tag="951" ind1=" " ind2=" ">
         <marc:subfield code="a">BO</marc:subfield>
      </marc:datafield>
   </marc:record>