
   <marc:record>
      <marc:leader>     cam a22        4500</marc:leader>
      <marc:controlfield tag="001">032105800</marc:controlfield>
      <marc:controlfield tag="003">DE-576</marc:controlfield>
      <marc:controlfield tag="005">20201210135645.0</marc:controlfield>
      <marc:controlfield tag="007">tu</marc:controlfield>
      <marc:controlfield tag="008">930301s1987    xx |||||      00| ||cze c</marc:controlfield>
      <marc:datafield tag="035" ind1=" " ind2=" ">
         <marc:subfield code="a">(DE-627)1102105805</marc:subfield>
      </marc:datafield>
      <marc:datafield tag="035" ind1=" " ind2=" ">
         <marc:subfield code="a">(DE-576)032105800</marc:subfield>
      </marc:datafield>
      <marc:datafield tag="035" ind1=" " ind2=" ">
         <marc:subfield code="a">(DE-599)BSZ032105800</marc:subfield>
      </marc:datafield>
      <marc:datafield tag="035" ind1=" " ind2=" ">
         <marc:subfield code="a">(OCoLC)311687359</marc:subfield>
      </marc:datafield>
      <marc:datafield tag="035" ind1=" " ind2=" ">
         <marc:subfield code="a">(DE-604)800851447x</marc:subfield>
      </marc:datafield>
      <marc:datafield tag="040" ind1=" " ind2=" ">
         <marc:subfield code="a">DE-576</marc:subfield>
         <marc:subfield code="b">ger</marc:subfield>
         <marc:subfield code="c">DE-576</marc:subfield>
         <marc:subfield code="e">rakwb</marc:subfield>
      </marc:datafield>
      <marc:datafield tag="041" ind1=" " ind2=" ">
         <marc:subfield code="a">cze</marc:subfield>
      </marc:datafield>
      <marc:datafield tag="084" ind1=" " ind2=" ">
         <marc:subfield code="a">KF 5252</marc:subfield>
         <marc:subfield code="2">rvk</marc:subfield>
         <marc:subfield code="0">(DE-625)rvk/74404:</marc:subfield>
      </marc:datafield>
      <marc:datafield tag="084" ind1=" " ind2=" ">
         <marc:subfield code="a">LQ 80200</marc:subfield>
         <marc:subfield code="2">rvk</marc:subfield>
         <marc:subfield code="0">(DE-625)rvk/109057:13528</marc:subfield>
      </marc:datafield>
      <marc:datafield tag="084" ind1=" " ind2=" ">
         <marc:subfield code="a">LQ 86900</marc:subfield>
         <marc:subfield code="2">rvk</marc:subfield>
         <marc:subfield code="0">(DE-625)rvk/109126:13528</marc:subfield>
      </marc:datafield>
      <marc:datafield tag="245" ind1="1" ind2="0">
         <marc:subfield code="a">Nejstarší sbírky českých lidových písní</marc:subfield>
         <marc:subfield code="b">Kolovratský rukopis, Rittersberkovy České národní písně, Sbírka ze Sadské a jiné</marc:subfield>
         <marc:subfield code="c">studie Jaroslava Markla</marc:subfield>
      </marc:datafield>
      <marc:datafield tag="264" ind1=" " ind2="1">
         <marc:subfield code="a">Praha</marc:subfield>
         <marc:subfield code="b">Supraphon</marc:subfield>
         <marc:subfield code="c">1987</marc:subfield>
      </marc:datafield>
      <marc:datafield tag="300" ind1=" " ind2=" ">
         <marc:subfield code="a">682 S.</marc:subfield>
         <marc:subfield code="b">Noten</marc:subfield>
      </marc:datafield>
      <marc:datafield tag="336" ind1=" " ind2=" ">
         <marc:subfield code="a">Text</marc:subfield>
         <marc:subfield code="b">txt</marc:subfield>
         <marc:subfield code="2">rdacontent</marc:subfield>
      </marc:datafield>
      <marc:datafield tag="337" ind1=" " ind2=" ">
         <marc:subfield code="a">ohne Hilfsmittel zu benutzen</marc:subfield>
         <marc:subfield code="b">n</marc:subfield>
         <marc:subfield code="2">rdamedia</marc:subfield>
      </marc:datafield>
      <marc:datafield tag="338" ind1=" " ind2=" ">
         <marc:subfield code="a">Band</marc:subfield>
         <marc:subfield code="b">nc</marc:subfield>
         <marc:subfield code="2">rdacarrier</marc:subfield>
      </marc:datafield>
      <marc:datafield tag="500" ind1=" " ind2=" ">
         <marc:subfield code="a">Dt. Zsfassung u.d.T.: Die ältesten tschechischen Volksliedersammlungen</marc:subfield>
      </marc:datafield>
      <marc:datafield tag="583" ind1="1" ind2=" ">
         <marc:subfield code="a">Archivierung/Langzeitarchivierung geplant</marc:subfield>
         <marc:subfield code="c">20200919</marc:subfield>
         <marc:subfield code="f">DE-640</marc:subfield>
         <marc:subfield code="z">2</marc:subfield>
         <marc:subfield code="2">pdager</marc:subfield>
      </marc:datafield>
      <marc:datafield tag="591" ind1=" " ind2=" ">
         <marc:subfield code="a">720 ff. bvb; 580 ff. bvb ; IMD-Felder und 1131 maschinell ergänzt (SWB)</marc:subfield>
      </marc:datafield>
      <marc:datafield tag="655" ind1=" " ind2="7">
         <marc:subfield code="a">Anthologie</marc:subfield>
         <marc:subfield code="0">(DE-588)4002214-6</marc:subfield>
         <marc:subfield code="0">(DE-627)106394134</marc:subfield>
         <marc:subfield code="0">(DE-576)208846182</marc:subfield>
         <marc:subfield code="2">gnd-content</marc:subfield>
      </marc:datafield>
      <marc:datafield tag="689" ind1="0" ind2="0">
         <marc:subfield code="D">s</marc:subfield>
         <marc:subfield code="0">(DE-588)4063852-2</marc:subfield>
         <marc:subfield code="0">(DE-627)104340371</marc:subfield>
         <marc:subfield code="0">(DE-576)209150742</marc:subfield>
         <marc:subfield code="a">Volkslied</marc:subfield>
         <marc:subfield code="2">gnd</marc:subfield>
      </marc:datafield>
      <marc:datafield tag="689" ind1="0" ind2="1">
         <marc:subfield code="D">s</marc:subfield>
         <marc:subfield code="0">(DE-588)4061084-6</marc:subfield>
         <marc:subfield code="0">(DE-627)106137182</marc:subfield>
         <marc:subfield code="0">(DE-576)209137983</marc:subfield>
         <marc:subfield code="a">Tschechisch</marc:subfield>
         <marc:subfield code="2">gnd</marc:subfield>
      </marc:datafield>
      <marc:datafield tag="689" ind1="0" ind2="2">
         <marc:subfield code="A">z</marc:subfield>
         <marc:subfield code="2">gnd</marc:subfield>
         <marc:subfield code="a">Geschichte 1800-1850</marc:subfield>
      </marc:datafield>
      <marc:datafield tag="689" ind1="0" ind2=" ">
         <marc:subfield code="5">(DE-627)</marc:subfield>
      </marc:datafield>
      <marc:datafield tag="689" ind1="1" ind2="0">
         <marc:subfield code="D">s</marc:subfield>
         <marc:subfield code="0">(DE-588)4063852-2</marc:subfield>
         <marc:subfield code="0">(DE-627)104340371</marc:subfield>
         <marc:subfield code="0">(DE-576)209150742</marc:subfield>
         <marc:subfield code="a">Volkslied</marc:subfield>
         <marc:subfield code="2">gnd</marc:subfield>
      </marc:datafield>
      <marc:datafield tag="689" ind1="1" ind2="1">
         <marc:subfield code="D">s</marc:subfield>
         <marc:subfield code="0">(DE-588)4061084-6</marc:subfield>
         <marc:subfield code="0">(DE-627)106137182</marc:subfield>
         <marc:subfield code="0">(DE-576)209137983</marc:subfield>
         <marc:subfield code="a">Tschechisch</marc:subfield>
         <marc:subfield code="2">gnd</marc:subfield>
      </marc:datafield>
      <marc:datafield tag="689" ind1="1" ind2="2">
         <marc:subfield code="A">z</marc:subfield>
         <marc:subfield code="2">gnd</marc:subfield>
         <marc:subfield code="a">Geschichte</marc:subfield>
      </marc:datafield>
      <marc:datafield tag="689" ind1="1" ind2=" ">
         <marc:subfield code="5">(DE-627)</marc:subfield>
      </marc:datafield>
      <marc:datafield tag="700" ind1="1" ind2=" ">
         <marc:subfield code="a">Markl, Jaroslav</marc:subfield>
         <marc:subfield code="e">Hrsg.</marc:subfield>
         <marc:subfield code="4">edt</marc:subfield>
      </marc:datafield>
      <marc:datafield tag="850" ind1=" " ind2=" ">
         <marc:subfield code="a">ab</marc:subfield>
      </marc:datafield>
      <marc:datafield tag="936" ind1="r" ind2="v">
         <marc:subfield code="a">KF 5252</marc:subfield>
         <marc:subfield code="b">Allgemeine Sammlungen</marc:subfield>
         <marc:subfield code="k">Slawistik</marc:subfield>
         <marc:subfield code="k">Slawische Volksdichtung</marc:subfield>
         <marc:subfield code="k">Tschechische Volksdichtung</marc:subfield>
         <marc:subfield code="k">Texte</marc:subfield>
         <marc:subfield code="k">Sammlungen einzelner Gattungen</marc:subfield>
         <marc:subfield code="k">Lyrisches Volkslied</marc:subfield>
         <marc:subfield code="k">Allgemeine Sammlungen</marc:subfield>
         <marc:subfield code="0">(DE-627)127095508X</marc:subfield>
         <marc:subfield code="0">(DE-625)rvk/74404:</marc:subfield>
         <marc:subfield code="0">(DE-576)20095508X</marc:subfield>
      </marc:datafield>
      <marc:datafield tag="936" ind1="r" ind2="v">
         <marc:subfield code="a">LQ 80200</marc:subfield>
         <marc:subfield code="b">allgemein</marc:subfield>
         <marc:subfield code="k">Musikwissenschaft</marc:subfield>
         <marc:subfield code="k">I. Musica theoretica</marc:subfield>
         <marc:subfield code="k">Geographischer Teil: Musica theoretica</marc:subfield>
         <marc:subfield code="k">Deutschland</marc:subfield>
         <marc:subfield code="k">Stammesgebiete, Landschaften</marc:subfield>
         <marc:subfield code="k">allgemein</marc:subfield>
         <marc:subfield code="0">(DE-627)1270820842</marc:subfield>
         <marc:subfield code="0">(DE-625)rvk/109057:13528</marc:subfield>
         <marc:subfield code="0">(DE-576)200820842</marc:subfield>
      </marc:datafield>
      <marc:datafield tag="936" ind1="r" ind2="v">
         <marc:subfield code="a">LQ 86900</marc:subfield>
         <marc:subfield code="b">allgemein</marc:subfield>
         <marc:subfield code="k">Musikwissenschaft</marc:subfield>
         <marc:subfield code="k">I. Musica theoretica</marc:subfield>
         <marc:subfield code="k">Geographischer Teil: Musica theoretica</marc:subfield>
         <marc:subfield code="k">Tschechische Republik, Slowakische Republik</marc:subfield>
         <marc:subfield code="k">Landschaften, Stammesgebiete, historische Verwaltungseinheiten</marc:subfield>
         <marc:subfield code="k">allgemein</marc:subfield>
         <marc:subfield code="0">(DE-627)1441182926</marc:subfield>
         <marc:subfield code="0">(DE-625)rvk/109126:13528</marc:subfield>
         <marc:subfield code="0">(DE-576)371182921</marc:subfield>
      </marc:datafield>
      <marc:datafield tag="951" ind1=" " ind2=" ">
         <marc:subfield code="a">BO</marc:subfield>
      </marc:datafield>
   </marc:record>