
   <marc:record>
      <marc:leader>     cam a22     2 c4500</marc:leader>
      <marc:controlfield tag="001">03169005X</marc:controlfield>
      <marc:controlfield tag="003">DE-576</marc:controlfield>
      <marc:controlfield tag="005">20180718183045.0</marc:controlfield>
      <marc:controlfield tag="007">tu</marc:controlfield>
      <marc:controlfield tag="008">930202s1992    gw |||||      00| ||ger c</marc:controlfield>
      <marc:datafield tag="020" ind1=" " ind2=" ">
         <marc:subfield code="a">3875490460</marc:subfield>
         <marc:subfield code="9">3-87549-046-0</marc:subfield>
      </marc:datafield>
      <marc:datafield tag="024" ind1="8" ind2=" ">
         <marc:subfield code="a">Ed. Moeck 4041b</marc:subfield>
         <marc:subfield code="q">Best.-Nr.</marc:subfield>
      </marc:datafield>
      <marc:datafield tag="035" ind1=" " ind2=" ">
         <marc:subfield code="a">(DE-627)1101690054</marc:subfield>
      </marc:datafield>
      <marc:datafield tag="035" ind1=" " ind2=" ">
         <marc:subfield code="a">(DE-576)03169005X</marc:subfield>
      </marc:datafield>
      <marc:datafield tag="035" ind1=" " ind2=" ">
         <marc:subfield code="a">(DE-599)BSZ03169005X</marc:subfield>
      </marc:datafield>
      <marc:datafield tag="035" ind1=" " ind2=" ">
         <marc:subfield code="a">(OCoLC)311545926</marc:subfield>
      </marc:datafield>
      <marc:datafield tag="040" ind1=" " ind2=" ">
         <marc:subfield code="a">DE-576</marc:subfield>
         <marc:subfield code="b">ger</marc:subfield>
         <marc:subfield code="c">DE-576</marc:subfield>
         <marc:subfield code="e">rakwb</marc:subfield>
      </marc:datafield>
      <marc:datafield tag="041" ind1=" " ind2=" ">
         <marc:subfield code="a">ger</marc:subfield>
      </marc:datafield>
      <marc:datafield tag="044" ind1=" " ind2=" ">
         <marc:subfield code="c">XA-DE-NI</marc:subfield>
      </marc:datafield>
      <marc:datafield tag="100" ind1="1" ind2=" ">
         <marc:subfield code="a">Segler, Helmut</marc:subfield>
         <marc:subfield code="4">aut</marc:subfield>
      </marc:datafield>
      <marc:datafield tag="245" ind1="1" ind2="0">
         <marc:subfield code="a">Tänze der Kinder in Europa</marc:subfield>
         <marc:subfield code="n">2</marc:subfield>
         <marc:subfield code="p">Dokumentation und Kurzkommentare</marc:subfield>
         <marc:subfield code="c">Helmut Segler</marc:subfield>
      </marc:datafield>
      <marc:datafield tag="264" ind1=" " ind2="1">
         <marc:subfield code="a">Celle</marc:subfield>
         <marc:subfield code="b">Moeck</marc:subfield>
         <marc:subfield code="c">1992</marc:subfield>
      </marc:datafield>
      <marc:datafield tag="300" ind1=" " ind2=" ">
         <marc:subfield code="a">331 S.</marc:subfield>
         <marc:subfield code="b">Ill., Notenbeisp.</marc:subfield>
      </marc:datafield>
      <marc:datafield tag="336" ind1=" " ind2=" ">
         <marc:subfield code="a">Text</marc:subfield>
         <marc:subfield code="b">txt</marc:subfield>
         <marc:subfield code="2">rdacontent</marc:subfield>
      </marc:datafield>
      <marc:datafield tag="337" ind1=" " ind2=" ">
         <marc:subfield code="a">ohne Hilfsmittel zu benutzen</marc:subfield>
         <marc:subfield code="b">n</marc:subfield>
         <marc:subfield code="2">rdamedia</marc:subfield>
      </marc:datafield>
      <marc:datafield tag="338" ind1=" " ind2=" ">
         <marc:subfield code="a">Band</marc:subfield>
         <marc:subfield code="b">nc</marc:subfield>
         <marc:subfield code="2">rdacarrier</marc:subfield>
      </marc:datafield>
      <marc:datafield tag="501" ind1=" " ind2=" ">
         <marc:subfield code="a">Enth.: A-a-a-a la makroni. A a baby. Aan’t Zilverstrand. A-B A-B A-B my boy. A ba bastenai. Abbiamo perso una cavallina. A-be-ba-blon. Abedi badam. Abel Spendabel.  Abends wenn der Mond scheint. A-bi-bo. A bottle of ink. A bu tataru. Achter de bergen. Achter de molen. Adam und Eva. AEK – s’agapo. Äne dände disse. Äs geit e Herr i Garte. A gulla gulla gulla kwaken one. Ah ah ah minha machadinha. Ahora que vamos despado. Ah j’ai perdu ma fille. Ah‘ Schreit der Bauer. Ai pappa lo so lo. Aja daja dikke dikke daja. Aij baj tu mi staj. Ajn cvaj draj. Akata bakata čukata be / makata sukutu be / sukata mpe. Akke/r bakke/r Hühnerkacke / Bohnenacker. A – kolla kolla kolla kvak kvak kvak. Ala-blanica. Ala bala portukala. A-lan kapetan. Alati psylo. Albastră-i. Al-fa-be. Alle meine Entchen. Alle soldaatjes. All the girls in Spain. Alma alma piros alma. Als ich mit Spitzenkleidern. Als ich noch zur Klikker klakker / Klipper-Klapper / Knicker-Knacker / Bürgerschule / Oberschule ging. Als Jonny noch ein Junge war. Als Susi / Anna / Marion / Petra noch ein Baby war. Ambaraba cicci coccò. Am Berliner Bahnhof. Am bli ble / blum blerom. Am dam des. Amela nutetela. A menia do piano. Americke tvornice pudera i šminke. Amici scialle e sciallere. Amore aseta. Am Rhein am Rhein. Amse adamse flora. Am stram gram. Amy amy I O. Anáre úré / júré / oláré júré. Ancy pancy. Ande baravi. Andesine anders and. An-do-li-tá. And out of this game. Anewika se ena wuno / sti piperia. Angela bella mi / Anna / Anne / Anscha la / Anschela / Amsela. Angeli wangeli. Anika danika. Anna / Antje Chicago / Dianna / Melana / so fama. Anne Anne kom i. Anne Liane. Anne-Marte Lia. Anno si vambo. An o čalimară. Antaka tisnu floria / tisa flora. An-tan ténusz. Antante te o flora. Anton Anton. Antonio / Antolo Anto / Antela Motschi / Andela Bandi. Apa cuka funda luka. Apfel Birne Zettel hopf. Ap olla ta luludia. Arabistan bugdaylari. Aramsamsam. Archi balls. Arisa fa-a-a-a. Árok szélén récetojás. Arumblerum blerum bla. A sailor went to sea / Frank.</marc:subfield>
      </marc:datafield>
      <marc:datafield tag="591" ind1=" " ind2=" ">
         <marc:subfield code="a">5090: DDSU/sred ; IMD-Felder und 1131 maschinell ergänzt (SWB)</marc:subfield>
      </marc:datafield>
      <marc:datafield tag="773" ind1="1" ind2="8">
         <marc:subfield code="w">(DE-627)1092401865</marc:subfield>
         <marc:subfield code="w">(DE-576)022401865</marc:subfield>
         <marc:subfield code="g">2</marc:subfield>
         <marc:subfield code="q">2</marc:subfield>
         <marc:subfield code="7">|||m</marc:subfield>
      </marc:datafield>
      <marc:datafield tag="951" ind1=" " ind2=" ">
         <marc:subfield code="a">MV</marc:subfield>
      </marc:datafield>
   </marc:record>